<?xml version="1.0" encoding="UTF-8"?>
<collection xmlns:xsi="http://www.w3.org/2001/XMLSchema-instance" xsi:schemaLocation="http://www.loc.gov/MARC21/slim http://www.loc.gov/standards/marcxml/schema/MARC21slim.xsd" xmlns="http://www.loc.gov/MARC21/slim">
<record>
  <leader>00851cam a2200229 a 4500</leader>
  <controlfield tag="001">2537393</controlfield>
  <controlfield tag="003">NNC</controlfield>
  <controlfield tag="005">20130425130706.0</controlfield>
  <controlfield tag="008">831213s1939    sy            001 0 araod</controlfield>
  <datafield tag="035" ind1=" " ind2=" ">
    <subfield code="a">(OCoLC)ocm10213627</subfield>
  </datafield>
  <datafield tag="035" ind1=" " ind2=" ">
    <subfield code="9">AQL8759CU</subfield>
  </datafield>
  <datafield tag="035" ind1=" " ind2=" ">
    <subfield code="a">(NNC)2537393</subfield>
  </datafield>
  <datafield tag="040" ind1=" " ind2=" ">
    <subfield code="a">IXA</subfield>
    <subfield code="c">IXA</subfield>
    <subfield code="d">ZCU</subfield>
  </datafield>
  <datafield tag="090" ind1=" " ind2=" ">
    <subfield code="a">DT95.5</subfield>
    <subfield code="b">.B34</subfield>
  </datafield>
  <datafield tag="100" ind1="1" ind2=" ">
    <subfield code="a">Balawī, ʻAbd Allāh ibn Muḥammad,</subfield>
    <subfield code="d">active 10th century.</subfield>
  </datafield>
  <datafield tag="245" ind1="1" ind2="0">
    <subfield code="a">Sīrat Aḥmad ibn Ṭūlūn /</subfield>
    <subfield code="c">taʾlīf Abī Muḥammad ʻAbd Allāh ibn Muḥammad al-Madīnī al-Balawī ; ḥaqqaqahā wa-ʻallaqa ʻalayhā Muḥammad Kurd ʻAlī.</subfield>
  </datafield>
  <datafield tag="260" ind1=" " ind2=" ">
    <subfield code="a">Dimashq :</subfield>
    <subfield code="b">al-Maktabah al-ʻArabīyah fī Dimashq,</subfield>
    <subfield code="c">1358 [1939]</subfield>
  </datafield>
  <datafield tag="300" ind1=" " ind2=" ">
    <subfield code="a">400 p. ;</subfield>
    <subfield code="c">24 cm.</subfield>
  </datafield>
  <datafield tag="500" ind1=" " ind2=" ">
    <subfield code="a">Includes indexes.</subfield>
  </datafield>
  <datafield tag="600" ind1="0" ind2="0">
    <subfield code="a">Aḥmad ibn Ṭūlūn,</subfield>
    <subfield code="d">835-884.</subfield>
  </datafield>
  <datafield tag="700" ind1="1" ind2=" ">
    <subfield code="a">Kurd ʻAlī, Muḥammad,</subfield>
    <subfield code="d">1876-1953.</subfield>
  </datafield>
  <datafield tag="955" ind1=" " ind2=" ">
    <subfield code="b">CU52876730</subfield>
    <subfield code="d">off,glx</subfield>
    <subfield code="e">DT95.5 .B34</subfield>
  </datafield>
</record>
</collection>